@article{clark2010loonybin,
  title={LoonyBin: Keeping language technologists sane through automated management of experimental (hyper) workflows},
  author={Clark, Jonathan H. and Lavie, Alon},
  journal={Proc. LREC},
  year=2010,
}

@inproceedings{cdec,
  author={Chris Dyer and Adam Lopez
         and Juri Ganitkevitch and Jonathan Weese and Ferhan Ture
         and Phil Blunsom and Hendra Setiawan and Vladimir Eidelman and Philip Resnik},
  title={cdec: A Decoder, Alignment, and Learning framework for finite-state and context-free translation models},
  booktitle = {Proceedings of the ACL 2010 System Demonstrations},
  series = {ACLDemos '10},
  year={2010},
  pages = {7--12},
}

@InProceedings{Joshua-WMT,
  author    = {Li, Zhifei  and  Callison-Burch, Chris  and  Dyer, Chris and Ganitkevitch, Juri and  Khudanpur, Sanjeev  and  Schwartz, Lane  and  Thornton, Wren  and  Weese, Jonathan  and  Zaidan, Omar},
  title     = {Joshua: An Open Source Toolkit for Parsing-Based Machine Translation},
  booktitle = {Proceedings of the Fourth Workshop on Statistical Machine Translation},
  month     = {March},
  year      = {2009},
  address   = {Athens, Greece},
  pages     = {135--139},
  url       = {http://www.aclweb.org/anthology/W/W09/W09-0x24}
}

@inproceedings{samt2006,
	Address = {New York, New York},
	Author = {Andreas Zollmann and Ashish Venugopal},
  booktitle = {Proceedings of the NAACL-2006 Workshop on
                    Statistcal Machine Translation ({WMT-06})},
	Title = {Syntax Augmented Machine Translation via Chart Parsing},
	Year = {2006}}


@inproceedings{zoll:08,
	Address = {Manchester, England},
	Author = {Andreas Zollmann and Ashish Venugopal and Franz                   Och and Joy Ponte},
	Booktitle = {Proceedings of the 22nd International Conference on Computational Linguistics (COLING-2008)},
	Title = {A Systematic Comparison of Phrase-Based, Hierarchical and Syntax-Augmented Statistical {MT}},
	Year = {2008}}
	
	
@Article{Venugopal2009,
 publicationtype = {article},
 Author = {Ashish Venugopal and Andreas Zollmann},
 title = { Grammar based statistical {MT} on {Hadoop}: An end-to-end toolkit for large scale {PSCFG} based {MT}},
 Journal = {Prague Bulletin of Mathematical Linguistics},
 Volume = {91},
 Publisher = {Charles University},
 PubAddress = {Prague},
 Year = {2009}
}

@inproceedings{Chiang2005,
	Address =  {Ann Arbor, Michigan},
	Author = {David Chiang},
	Booktitle = {Proceedings of the 43rd Annual Meeting of the Association for Computational Linguistics (ACL-2005)},
	Title = {A Hierarchical Phrase-based Model for Statistical Machine Translation},
	Year = {2005}
}
	
@article{Chiang2007,
	Author = {David Chiang},
	Journal = {Computational Linguistics},
	Number = {2},
	Pages = {201--228},
	Title = {Hierarchical phrase-based translation},
	Volume = {33},
	Year = {2007}
}	
	
@unpublished{Chiang2006,
	Author = {David Chiang},
	Note = {Tutorial available at http://www.isi.edu/$\sim$chiang/papers/synchtut.pdf},
	Title = {An Introduction to Synchronous Grammars},
	Url = {http://www.isi.edu/~chiang/papers/synchtut.pdf},
	Year = {2006}
}

@INPROCEEDINGS{giza,
AUTHOR = {F.~J.~Och and H.~Ney},
TITLE ={Improved Statistical Alignment Models},
BOOKTITLE = {Proceedings of the 38th Annual Meeting of the Association for Computational Linguistics} ,
PAGES ={440--447},
ADDRESS={ Hong Kong, China},
MONTH = {October},
YEAR = 2000}

@InProceedings{berkeley,
  author    = {Liang, Percy  and  Taskar, Ben  and  Klein, Dan},
  title     = {Alignment by Agreement},
  booktitle = {Proceedings of the Human Language Technology Conference of the NAACL, Main Conference},
  month     = {June},
  year      = {2006},
  address   = {New York City, USA},
  publisher = {Association for Computational Linguistics},
  pages     = {104--111},
  url       = {http://www.aclweb.org/anthology/N/N06/N06-1014}
}

@inproceedings{koehn2003,
 author = {Koehn, Philipp and Och, Franz Josef and Marcu, Daniel},
 title = {Statistical phrase-based translation},
 booktitle = {NAACL '03: Proceedings of the 2003 Conference of the North American Chapter of the Association for Computational Linguistics on Human Language Technology},
 year = {2003},
 pages = {48--54},
 location = {Edmonton, Canada},
 doi = {http://dx.doi.org/10.3115/1073445.1073462},
 publisher = {Association for Computational Linguistics},
 address = {Morristown, NJ, USA},
 }
 
@inproceedings{Steedman1999,
 author = {Steedman, Mark},
 title = {Alternating quantifier scope in CCG},
 booktitle = {Proceedings of the 37th annual meeting of the Association for Computational Linguistics on Computational Linguistics},
 series = {ACL '99},
 year = {1999},
 isbn = {1-55860-609-3},
 location = {College Park, Maryland},
 pages = {301--308},
 numpages = {8},
 url = {http://dx.doi.org/10.3115/1034678.1034728},
 doi = {http://dx.doi.org/10.3115/1034678.1034728},
 acmid = {1034728},
 publisher = {Association for Computational Linguistics},
 address = {Stroudsburg, PA, USA},
} 

@article{venugopal2009hadoop,
author = {Ashish Venugopal and Andreas Zollmann},
title = {{Grammar based statistical MT on Hadoop: An end-to-end toolkit for large scale PSCFG based MT}},
journal = {The Prague Bulletin of Mathematical Linguistics},
volume = {91},
year = {2009},
pages = {67-78},
}

@inproceedings{mapreduce,
  author    = {Jeffrey Dean and
               Sanjay Ghemawat},
  title     = {MapReduce: Simplified Data Processing on Large Clusters},
  booktitle = {OSDI},
  year      = {2004},
  pages     = {137-150},
  ee        = {http://www.usenix.org/events/osdi04/tech/dean.html},
  bibsource = {DBLP, http://dblp.uni-trier.de}
}

@InProceedings{lopez-2008,
  author    = {Lopez, Adam},
  title     = {Tera-Scale Translation Models via Pattern Matching},
  booktitle = {Proceedings of the 22nd International Conference on Computational Linguistics (Coling 2008)},
  month     = {August},
  year      = {2008},
  address   = {Manchester, UK},
  publisher = {Coling 2008 Organizing Committee},
  pages     = {505--512},
  url       = {http://www.aclweb.org/anthology/C08-1064}
}

@InProceedings{chiang2010,
  author    = {Chiang, David},
  title     = {Learning to Translate with Source and Target Syntax},
  booktitle = {Proceedings of the 48th Annual Meeting of the Association for Computational Linguistics},
  month     = {July},
  year      = {2010},
  address   = {Uppsala, Sweden},
  publisher = {Association for Computational Linguistics},
  pages     = {1443--1452},
  url       = {http://www.aclweb.org/anthology/P10-1146}
}

@InProceedings{zhang2008,
  author    = {Zhang, Min  and  Jiang, Hongfei  and  Aw, Aiti  and  Li, Haizhou  and  Tan, Chew Lim  and  Li, Sheng},
  title     = {A Tree Sequence Alignment-based Tree-to-Tree Translation Model},
  booktitle = {Proceedings of ACL-08: HLT},
  month     = {June},
  year      = {2008},
  address   = {Columbus, Ohio},
  publisher = {Association for Computational Linguistics},
  pages     = {559--567},
  url       = {http://www.aclweb.org/anthology/P/P08/P08-1064}
}

@InProceedings{liu2009,
  author    = {Liu, Yang  and  L{\"{u}}, Yajuan  and  Liu, Qun},
  title     = {Improving Tree-to-Tree Translation with Packed Forests},
  booktitle = {Proceedings of the Joint Conference of the 47th Annual Meeting of the ACL and the 4th International Joint Conference on Natural Language Processing of the AFNLP},
  month     = {August},
  year      = {2009},
  address   = {Suntec, Singapore},
  publisher = {Association for Computational Linguistics},
  pages     = {558--566},
  url       = {http://www.aclweb.org/anthology/P/P09/P09-1063}
}

@Article {schwartz2010,
author= {Schwartz, Lane and Callison-Burch, Chris},	
title= {Hierarchical Phrase-Based Grammar Extraction in Joshua: Suffix Arrays and Prefix Trees},	
journal= {The Prague Bulletin of Mathematical Linguistics},
volume= 93,
pages = {157--166},	
address= {Prague, Czech Republic},	
year= 2010,	
month= Jan,	
journallink= {http://ufal.mff.cuni.cz/pbml.html},	
organization= {Charles University in Prague},	
publisher= {Institute of Formal and Applied Linguistics}
}

@inproceedings{galley2004whats,
	Address = {Boston, Massachusetts, USA},
	Author = {Galley, Michel and Hopkins, Mark and Knight, Kevin and Marcu, Daniel},
	Booktitle = "Proc.\ NAACL",
	Month = {May},
	Title = {What's in a translation rule?},
	Year = 2004,
}
