@inproceedings{bos+etal:2004:coling,
	author = {Johan Bos and Stephen Clark and Mark Steedman and James R. Curran and Julia Hockenmaier},
	title = {Wide-Coverage Semantic Representations from a {CCG} Parser},
	year = {2004},
	booktitle = {Proc. of COLING}}
	
@inproceedings{white+baldridge:2003:enlg,
	author = {Michael White and Jason Baldridge},
	title = {Adapting Chart Realization to {CCG}},
	year = {2003},
	booktitle = {Proc. of ENLG}}

@inproceedings{zettlemoyer+collins:2005:uai,
	author = {Luke S. Zettlemoyer and Michael Collins},
	year = {2005},
	booktitle = {Proc. of UAI},
	title = {Learning to Map Sentences to Logical Form: Structured Classification with Probabilistic Categorial Grammars}}

@inproceedings{wu+fung:2009:naacl,
	author = {Dekai Wu and Pascale Fung},
	title = {Semantic Roles for SMT: A Hybrid Two-Pass Model},
	year = {2009},
	booktitle = {Proc. of NAACL HLT}}

@inproceedings{birch+etal:2007:wmt,
	author = {Alexandra Birch and Miles Osborne and Philipp Koehn},
	title = {{CCG} Supertags in Factored Statistical Machine Translation},
	year = {2007},
	booktitle = {Proc. of WMT}
}

@inproceedings{hassan+etal:2007:acl,
	author = {Hany Hassan and Khalil Sima'an and Andy Way},
	title = {Supertagged Phrase-Based Statistical Machine Translation},
	year = {2007},
	booktitle = {Proc. of ACL}
}

@unpublished{auli:2009:first-year,
	author = {Michael Auli},
	title = {{CCG}-based Models for Statistical Machine Translation},
	year = {2009},
	note = {Ph.D. Proposal, University of Edinburgh}
}

@unpublished{mehay:2010:proposal,
	author = {Dennis Mehay},
	title = {Linguistically Motivated Syntax for Machine Translation},
	year = {2010},
	note = {Ph.D. Proposal, Ohio State University}}

@inproceedings{hanneman+etal:2011,
	title = {A General-Purpose Rule Extractor for {SCFG}-Based Machine Translation},
	author = {Greg Hanneman and Michelle Burroughs and Alon Lavie},
	booktitle = {Proc. of WMT},
	year = {2011}
	}

@inproceedings{zollmann+etal:2008:coling,
	author = {Andreas Zollmann and Ashish Venugopal and Franz Och and Jay Ponte},
	title = {A Systematic Comparison of Phrase-Based, Hierarchical and Syntax-Augmented Statistical {MT}},
	booktitle = {Proc. of COLING},
	year = {2008}
}

@inproceedings{zollmann+vogel:2011:acl,
	author = {Andreas Zollmann and Stephan Vogel},
	title = {A Word-Class Approach to Labeling {PSCFG} Rules for Machine Translation},
	year = {2011},
	booktitle = {Proc. of ACL-HLT}}

@inproceedings{mylonakis+simaan:2011:acl,
	author = {Markos Mylonakis; Khalil Sima'an},
	title = {Learning Hierarchical Translation Structure with Linguistic Annotations},
	year = {2011},
	booktitle = {Proc. of ACL-HLT}}

@INPROCEEDINGS{Chiang2005,
    author = {David Chiang},
    title = {A hierarchical phrase-based model for statistical machine translation},
    booktitle = {Proc. ACL},
    year = {2005},
    pages = {263--270}
}

@article{Chiang2007,
	Author = {David Chiang},
	Journal = {Computational Linguistics},
	Number = {2},
	Pages = {201--228},
	Title = {Hierarchical phrase-based translation},
	Volume = {33},
	Year = {2007}
}

@article{candc,
  author = {Clark, Stephen and James R. Curran},
  title = {Wide-coverage Efficient Statistical Parsing with {CCG} and Log-linear Models},
  journal = {Computational Linguistics},
  volume = {33},
  number = {4},
  year = {2007},
}

@InProceedings{Petrov-Klein-Inference,
  author    = {Slav Petrov and Dan Klein},
  title     = {Improved Inference for Unlexicalized Parsing},
  booktitle = {Proc. HLT-NAACL},
  year = {2007}
}

@inproceedings{moses,
  author = {Koehn, Philipp and Hieu Hoang and Alexandra Birch and Chris Callison-Burch and Marcello Frederico and Nicola Bertoldi and Brooke Cowan and Wade Shen and Christine Moran and Richard Zens and Chris Dyer and Ondrej Bojar and Alexandra Constantin and Evan Herbst},
  title = {Moses: Open source toolkit for Statistical Machine Translation},
  booktitle = {Proc. ACL Demonstration Session},
  year = {2007},
}

@techreport{scale09,
  author = {Baker, Kathy and Bethard, Steven and Bloodgood, Michael and Brown, Ralf and Callison-Burch, Chris and Coppersmith, Glen and Dorr, Bonnie and Filardo, Wes and Giles, Kendall and Irvine, Ann and Kayser, Mike and Levin, Lori and Marinteau, Justin and Mayfield, Jim and Miller, Scott and Phillips, Aaron and Philpot, Andrew and Piatko, Christine and Schwartz, Lane and Zajic, David},
  title = {Semantically Informed Machine Translation: Final Report of the 2009 Summer Camp for Advanced Language Exploration (SCALE)},
  institution = {Human Language Technology Center of Excellence},
  year = {2009},
}

@INPROCEEDINGS{giza,
AUTHOR = {F.~J.~Och and H.~Ney},
TITLE ={Improved Statistical Alignment Models},
BOOKTITLE = {Proc. of ACL} ,
YEAR = 2000}

@inproceedings{marcu-wong-2002,
 author = {Marcu, Daniel and Wong, William},
 title = {A phrase-based, joint probability model for statistical machine translation},
 booktitle = {EMNLP '02: Proceedings of the ACL-02 conference on Empirical methods in natural language processing},
 year = {2002},
 pages = {133--139},
 doi = {http://dx.doi.org/10.3115/1118693.1118711},
 publisher = {Association for Computational Linguistics},
 address = {Morristown, NJ, USA},
 }

@inproceedings{koehn-och-marcu-2003,
 author = {Koehn, Philipp and Och, Franz Josef and Marcu, Daniel},
 title = {Statistical phrase-based translation},
 booktitle = {Proc. of HLT-NAACL},
 year = {2003},
 }
 
@article{against-cf,
  author = {Stuart M. Shieber},
  title = {Evidence against the context-freeness of natural language},
  year = {1985},
  journal = {Linguistics and Philosophy},
  volume = {8},
  pages = {333--343},
}

@book{handbook-of-formal-languages,
  editor = {Rozenberg, Grzegorz and Arto Salomaa},
  title = {Handbook of Formal Languages},
  year = {1997},
  publisher = {Springer},
}

@incollection{mild-csl,
  author = {Joshi, Aravind K.},
  title = {How much context-sensitivity is necessary for characterizing structural descriptions --- Tree Adjoining Grammars},
  editor = {Dowty, David and Lauri Karttunen and Arnold M. Zwicky},
  booktitle = {Natural Language Processing --- Theoretical, Computational and Psychological Perspectives},
  publisher = {Cambridge University Press},
  year = {1985},
}

@techreport{mild-csl-equivalence,
  author = {Joshi, Aravind K. and K. Vijay Shankar and David Weir},
  title = {The Convergence of Mildly Context-Sensitive Grammar Formalisms},
  institution = {University of Pennsylvania},
  year = {1990},
}

@phdthesis{head-grammars,
  author = {Carl Pollard},
  title = {Generalized Phrase Structure Grammars, Head Grammars and Natural Language},
  school = {Stanford University},
  year = {1984},
}

@techreport{linear-index-grammars,
  author = {Gerald Gazdar},
  title = {Applicability of Indexed Grammars to Natural Languages},
  institution = {Center for Study of Language and Information},
  year = {1985},
  number = {CSLI-85-34},
}

@article{tag,
  author = {Joshi, Aravind K. and Leon S. Levy and Masako Takahashi},
  title = {Tree adjunct grammars},
  year = {1975},
  journal = {Journal of Computer Systems Science},
  volume = {10},
  number = {1},
}

@article{stag,
  author = {Stuart M. Shieber},
  title = {Restricting the weak-generative capacity of synchronous tree-adjoining grammars},
  journal = {Computational Intelligence},
  volume = {10},
  number = {4},
  pages = {371--385},
  year = {1994},
}

@inproceedings{ghkm,
  author    = {Galley, Michel  and  Hopkins, Mark  and  Knight, Kevin  and  Marcu, Daniel},
  title     = {What's in a translation rule?},
  booktitle = {Proc. of HLT-NAACL},
  year      = 2004,
}

@INPROCEEDINGS{ghkm-scalable-inference,
    author = {Michel Galley and Jonathan Graehl and Kevin Knight and Daniel Marcu and Steve Deneefe and Wei Wang and Ignacio Thayer},
    title = {Scalable inference and training of context-rich syntactic translation models},
    booktitle = {In ACL},
    year = {2006},
    pages = {961--968}
}

@incollection{ccg,
  author = {Steedman, Mark and Jason Baldridge},
  title = {Combinatory Categorial Grammar},
  booktitle = {Non-Transformational Syntax},
  editor = {Borsley, Robert and Kersti B\"{o}rjars},
  publisher = {Wiley-Blackwell},
  year = {2011},
}

@inproceedings{zettlemoyer-collins,
  author = {Zettlemoyer, Luke S. and Michael Collins},
  title = {Learning to map sentences to logical form: structured classification with probabilistic categorial grammars},
  booktitle = {Proc. UAI},
  year = {2005},
}

@inproceedings{robocup,
  author = {Kuhlmann, Gregory and Peter Stone and Raymond J. Mooney},
  title = {Guiding a reinforcement learner with natural language advice: initial results in RoboCup soccer},
  booktitle = {Proc. AAAI Workshop on Supervisory Control of Learning and Adaptive Systems},
  year = {2004},
}

@article{ccgbank,
  author = {Hockenmaier, Julia and Mark Steedman},
  title = {CCGbank: a Corpus of {CCG} derivations and dependency structures extracted from the Penn Treebank},
  journal = {Computational Linguistics},
  volume = {33},
  number = 3,
  pages = {355--396},
  year = {2007},
}

@article{ptb,
  author = {Marcus, Mitchell P. and Beatrice Santorini and Mary Ann Marcinkiewicz},
  title = {Building a large annotated corpus of English: the Penn Treebank},
  journal = {Computational Linguistics},
  volume = {19},
  pages = {313--330},
  year = {1993},
}

@inproceedings{ptb2,
  author = {Marcus, Mitchell P. and Grace Kim and Mary Ann Marcinkiewicz and Robert MacIntyre and Ann Bies and Mark Ferguson and Karen Katz and Britta Schasberger},
  title = {The Penn Treebank: annotating predicate argument structure},
  booktitle = {Proc. Human Language Technology Workshop},
  pages = {114--119},
  year = {1994},
}

@inproceedings{bos-toward-wide-coverage,
  author = {Bos, Johan},
  title = {Towards Wide-Coverage Semantic Interpretation},
  booktitle = {Proc. IWCS-6},
  pages = {42--53},
  year = {2005},
}

@inproceedings{bos-wide-coverage-ccg,
  author = {Bos, Johan and Stephen Clark and Mark Steedman and James R. Curran and Julia Hockenmaier},
  title = {Wide-Coverage Semantic Representations from a CCG Parser},
  booktitle = {Proc. COLING},
  year = {2004},
}

@article{brown-1993,
 author = {Brown, Peter F. and Pietra, Vincent J. Della and Pietra, Stephen A. Della and Mercer, Robert L.},
 title = {The mathematics of statistical machine translation: parameter estimation},
 journal = {Comput. Linguist.},
 volume = {19},
 number = {2},
 year = {1993},
 issn = {0891-2017},
 pages = {263--311},
 publisher = {MIT Press},
 address = {Cambridge, MA, USA},
 }
 
@inproceedings{hockenmaier-bisk-normal-form,
  author = {Hockenmaier, Julia and Yonatan Bisk},
  title = {Normal-form parsing for Combinatory Categorial Grammars with generalized composition and type-raising},
  booktitle = {Proc. COLING},
  year = {2010},
  pages = {465--473},
}

@inproceedings{eisner-normal-form,
  author = {Eisner, Jason},
  title = {Efficient normal-form parsing for Combinatory Categorial Grammar},
  booktitle = {Proc. ACL},
  pages = {79--86},
  year = {1996},
}

@inproceedings{denero-efficient-parsing,
  author = {DeNero, John and Mohit Bansal and Adam Pauls and Dan Klein},
  title = {Efficient Parsing for Transducer Grammars},
  booktitle = {Proc. NAACL},
  pages = {227--235},
  year = {2009},
}

@TechReport{dunlop2010,
  type		= {Technical report},
  title		= {Reducing the grammar constant: an analysis of {CYK}
		  parsing efficiency},
  url		= {http://www.cslu.ogi.edu/~dunlopa/publications/CSLU-2010-02.pdf}
		  ,
  number	= {{CSLU-2010-02}},
  institution	= {{OHSU}},
  author	= {Dunlop, Aaron and Bodenstab, Nathan and Roark, Brian},
  year		= {2010},
}

@inproceedings{iglesias2011,
  author = {Iglesias, Gonzalo and Cyril Allauzen and William Byrne and Adri\`{a} de Gispert and Michael Riley},
  title = {Hierarchical Phrase-based Translation Representations},
  booktitle = {Proc. EMNLP},
  pages = {1373--1383},
  year = {2011},
}

@inproceedings{song2008,
  author = {Song, Xinying and Shilin Ding and Chin-Yew Lin},
  title = {Better Binarization for the {CKY} Parsing},
  booktitle = {Proc. EMNLP},
  pages = {167--176},
  year = {2008},
}

@inproceedings{xiao2009,
  author = {Xiao, Song and Mu Li and Dongdong Zhang and Jingbo Zhu and Ming Zhou},
  title = {Better Synchronous Binarization for Machine Translation},
  booktitle = {Proc. EMNLP},
  pages = {362--370},
  year = {2009},
}

@incollection{cg,
  author = {Adjukiewicz, Kazimierz},
  title = {Die Syntaktische konnexit\"{a}t},
  editor = {McCall, Storrs},
  booktitle = {Polish Logic 1920--1939},
  pages = {207--231},
  year = {1935},
  publisher = {Oxford University Press},
}

@incollection{bar-hillel-cg,
  author = {Bar-Hillel, Yehoshua and Chaim Gaifman and Eliyahu Shamir},
  title = {On categorial and phrase-structure grammars},
  editor = {Bar-Hillel, Yehoshua},
  booktitle = {Language and Information},
  pages = {99--115},
  year = {1964},
  publisher = {Addison-Wesley},
}

@InProceedings{samt-wmt06,
  author    = {Zollmann, Andreas  and  Venugopal, Ashish},
  title     = {Syntax Augmented Machine Translation via Chart Parsing},
  booktitle = {Proceedings on the Workshop on Statistical Machine Translation},
  year      = {2006}
}

@inproceedings{tillmann-2003,
 author = {Tillmann, Christoph},
 title = {A projection extension algorithm for statistical machine translation},
 booktitle = {Proc. of EMNLP},
 year = {2003},
 }
 
 @mastersthesis{thesis,
   author = {Weese, Jonathan},
   title = {A Comparison of Synchronous Context-free Grammars for Machine Translation},
   year = {2011},
   school = {Johns Hopkins University},
 }
 
@inproceedings{papineni-bleu,
 author = {Papineni, Kishore and Roukos, Salim and Ward, Todd and Zhu, Wei-Jing},
 title = {BLEU: a method for automatic evaluation of machine translation},
 booktitle = {Proc. of ACL},
 year = {2002}
}
 
@InProceedings{joshua3,
  author    = {Weese, Jonathan  and  Ganitkevitch, Juri  and  Callison-Burch, Chris  and  Post, Matt  and  Lopez, Adam},
  title     = {Joshua 3.0: Syntax-based Machine Translation with the Thrax Grammar Extractor},
  booktitle = {Proc. of WMT},
  year      = {2011}
}

@article{zmert,
  author = {Zaidan, Omar F.},
  title = {{Z-MERT}: A Fully Configurable Open Source Tool for Minimum Error Rate Training of Machine Translation Systems},
  journal = {The Prague Bulletin of Mathematical Linguistics},
  volume = {91},
  number = {1},
  year = {2009},
  pages = {79--88}
}

@inproceedings{mert,
  author = {Och, Franz Josef},
  title = {Minimum Error Rate Training in Statistical Machine Translation},
  booktitle = {Proc. ACL},
  year = {2003},
  pages = {160--167},
}

@inproceedings{deneefe-syntax-and-phrase-mt,
  author = {DeNeefe, Steve and Kevin Knight and Wei Wang and Daniel Marcu},
  title = {What Can Syntax-based {MT} learn from Phrase-based {MT}?},
  booktitle = {Proc. EMNLP},
  year = {2007},
}

@inproceedings{fowler-penn-2010,
  author = {Fowler, Timothy A. D. and Gerald Penn},
  title = {Accurate Context-Free Parsing with Combinatory Categorial Grammar},
  booktitle = {Proc. ACL},
  year = {2010},
  pages = {335--344},
}

@inproceedings{fox:2002:emnlp,
	Author = {Heidi J. Fox},
	Booktitle = {Proc. of EMNLP},
	Title = {Phrasal Cohesion and Statistical Machine Translation},
	Year = {2002}}
