@inproceedings{clark2010loonybin,
  title={LoonyBin: Keeping language technologists sane through automated management of experimental (hyper) workflows},
  author={Clark, Jonathan H. and Lavie, Alon},
  booktitle={Proc. LREC},
  year=2010,
}

@inproceedings{cdec,
  author={Chris Dyer and Adam Lopez
         and Juri Ganitkevitch and Jonathan Weese and Ferhan Ture
         and Phil Blunsom and Hendra Setiawan and Vladimir Eidelman and Philip Resnik},
  title={cdec: A Decoder, Alignment, and Learning framework for finite-state and context-free translation models},
  booktitle = {Proc. ACL 2010 System Demonstrations},
  year=2010,
  pages = {7--12},
}

@InProceedings{Joshua-WMT,
  author    = {Li, Zhifei  and  Callison-Burch, Chris  and  Dyer, Chris and Ganitkevitch, Juri and  Khudanpur, Sanjeev  and  Schwartz, Lane  and  Thornton, Wren  and  Weese, Jonathan  and  Zaidan, Omar},
  title     = {Joshua: An Open Source Toolkit for Parsing-Based Machine Translation},
  booktitle = {Proc. WMT},
  month     = {March},
  year      = {2009},
  address   = {Athens, Greece},
  url       = {http://www.aclweb.org/anthology/W/W09/W09-0x24}
}

@inproceedings{samt2006,
	Address = {New York, New York},
	Author = {Andreas Zollmann and Ashish Venugopal},
  booktitle = {Proc. NAACL Workshop on Statistcal Machine Translation},
	Title = {Syntax Augmented Machine Translation via Chart Parsing},
	Year = 2006}


@inproceedings{zoll:08,
	Address = {Manchester, England},
	Author = {Andreas Zollmann and Ashish Venugopal and Franz                   Och and Joy Ponte},
	Booktitle = {Proceedings of the 22nd International Conference on Computational Linguistics (COLING-2008)},
	Title = {A Systematic Comparison of Phrase-Based, Hierarchical and Syntax-Augmented Statistical {MT}},
	Year = {2008}}
	
	
@Article{Venugopal2009,
 publicationtype = {article},
 Author = {Ashish Venugopal and Andreas Zollmann},
 title = { Grammar based statistical {MT} on {Hadoop}: An end-to-end toolkit for large scale {PSCFG} based {MT}},
 Journal = {Prague Bulletin of Mathematical Linguistics},
 Volume = {91},
 Publisher = {Charles University},
 PubAddress = {Prague},
 Year = {2009}
}

@inproceedings{Chiang2005,
	Address =  {Ann Arbor, Michigan},
	Author = {David Chiang},
	Booktitle = {Proceedings of the 43rd Annual Meeting of the Association for Computational Linguistics (ACL-2005)},
	Title = {A Hierarchical Phrase-based Model for Statistical Machine Translation},
	Year = {2005}
}
	
@article{Chiang2007,
	Author = {David Chiang},
	Journal = {Computational Linguistics},
	Number = {2},
	Pages = {201--228},
	Title = {Hierarchical phrase-based translation},
	Volume = {33},
	Year = {2007}
}	
	
@unpublished{Chiang2006,
	Author = {David Chiang},
	Note = {Tutorial available at http://www.isi.edu/$\sim$chiang/papers/synchtut.pdf},
	Title = {An Introduction to Synchronous Grammars},
	Url = {http://www.isi.edu/~chiang/papers/synchtut.pdf},
	Year = {2006}
}

@INPROCEEDINGS{giza,
AUTHOR = {F.~J.~Och and H.~Ney},
TITLE ={Improved Statistical Alignment Models},
BOOKTITLE = {Proceedings of the 38th Annual Meeting of the Association for Computational Linguistics} ,
PAGES ={440--447},
ADDRESS={ Hong Kong, China},
MONTH = {October},
YEAR = 2000}

@InProceedings{berkeley,
  author    = {Liang, Percy  and  Taskar, Ben  and  Klein, Dan},
  title     = {Alignment by Agreement},
  booktitle = {Proceedings of the Human Language Technology Conference of the NAACL, Main Conference},
  month     = {June},
  year      = {2006},
  address   = {New York City, USA},
  publisher = {Association for Computational Linguistics},
  pages     = {104--111},
  url       = {http://www.aclweb.org/anthology/N/N06/N06-1014}
}

@inproceedings{koehn2003,
 author = {Koehn, Philipp and Och, Franz Josef and Marcu, Daniel},
 title = {Statistical phrase-based translation},
 booktitle = {Proc. NAACL},
 year = {2003},
 location = {Edmonton, Canada},
 doi = {http://dx.doi.org/10.3115/1073445.1073462},
 address = {Morristown, NJ, USA},
 }
 
@inproceedings{Steedman1999,
 author = {Steedman, Mark},
 title = {Alternating quantifier scope in CCG},
 booktitle = {Proc. ACL},
 year = {1999},
 isbn = {1-55860-609-3},
 numpages = {8},
 url = {http://dx.doi.org/10.3115/1034678.1034728},
 doi = {http://dx.doi.org/10.3115/1034678.1034728},
 acmid = {1034728},
 address = {Stroudsburg, PA, USA},
} 

@article{venugopal2009hadoop,
author = {Ashish Venugopal and Andreas Zollmann},
title = {{Grammar based statistical MT on Hadoop: An end-to-end toolkit for large scale PSCFG based MT}},
journal = {The Prague Bulletin of Mathematical Linguistics},
volume = {91},
year = {2009},
pages = {67-78},
}

@inproceedings{mapreduce,
  author    = {Jeffrey Dean and
               Sanjay Ghemawat},
  title     = {MapReduce: Simplified Data Processing on Large Clusters},
  booktitle = {OSDI},
  year      = {2004},
  ee        = {http://www.usenix.org/events/osdi04/tech/dean.html},
  bibsource = {DBLP, http://dblp.uni-trier.de}
}

@InProceedings{lopez-2008,
  author    = {Lopez, Adam},
  title     = {Tera-Scale Translation Models via Pattern Matching},
  booktitle = {Proc. COLING},
  month     = {August},
  year      = {2008},
  address   = {Manchester, UK},
  url       = {http://www.aclweb.org/anthology/C08-1064}
}

@InProceedings{chiang2010,
  author    = {Chiang, David},
  title     = {Learning to Translate with Source and Target Syntax},
  booktitle = {Proc.\ ACL},
  month     = {July},
  year      = {2010},
  address   = {Uppsala, Sweden},
  url       = {http://www.aclweb.org/anthology/P10-1146}
}

@InProceedings{zhang2008,
  author    = {Zhang, Min  and  Jiang, Hongfei  and  Aw, Aiti  and  Li, Haizhou  and  Tan, Chew Lim  and  Li, Sheng},
  title     = {A Tree Sequence Alignment-based Tree-to-Tree Translation Model},
  booktitle = {Proc. ACL},
  month     = {June},
  year      = {2008},
  address   = {Columbus, Ohio},
  url       = {http://www.aclweb.org/anthology/P/P08/P08-1064}
}

@InProceedings{liu2009,
  author    = {Liu, Yang  and  L{\"{u}}, Yajuan  and  Liu, Qun},
  title     = {Improving Tree-to-Tree Translation with Packed Forests},
  booktitle = {Proc. ACL},
  month     = {August},
  year      = {2009},
  address   = {Suntec, Singapore},
  url       = {http://www.aclweb.org/anthology/P/P09/P09-1063}
}

@Article {schwartz2010,
author= {Schwartz, Lane and Callison-Burch, Chris},	
title= {Hierarchical Phrase-Based Grammar Extraction in Joshua: Suffix Arrays and Prefix Trees},	
journal= {The Prague Bulletin of Mathematical Linguistics},
volume= 93,
pages = {157--166},	
address= {Prague, Czech Republic},	
year= 2010,	
month= Jan,	
journallink= {http://ufal.mff.cuni.cz/pbml.html},	
organization= {Charles University in Prague},	
publisher= {Institute of Formal and Applied Linguistics}
}

@inproceedings{galley2004whats,
	Address = {Boston, Massachusetts, USA},
	Author = {Galley, Michel and Hopkins, Mark and Knight, Kevin and Marcu, Daniel},
	Booktitle = "Proc.\ NAACL",
	Month = {May},
	Title = {What's in a translation rule?},
	Year = 2004,
}

@inproceedings{li2010joshua,
	Author = {Li, Zhifei and Callison-Burch, Chris and Dyer, Chris and Ganitkevitch, Juri and Irvine, Ann and Khudanpur, Sanjeev and Schwartz, Lane and Thornton, Wren N.G. and Wang, Ziyuan and Weese, Jonathan and Zaidan, Omar F.},
	Booktitle = {Proc.\ WMT},
	Title = {Joshua 2.0: a toolkit for parsing-based machine translation with syntax, semirings, discriminative training and other goodies},
	Year = 2010,
}

@mastersthesis{jonnymasters,
    author = {Jonathan Weese},
    title = {A Systematic Comparison of Synchronous Context-Free Grammars for Machine Translation},
    school = {Johns Hopkins University},
    month = {May},
    year = {2011},
}

@inproceedings{zollmann2008systematic,
	Author = {Zollmann, Andreas and Venugopal, Ashish and Och, Franz Josef and Ponte, Jay},
	Booktitle = {Proceedings of the 22nd International Conference on Computational Linguistics-Volume 1},
	Title = {A systematic comparison of phrase-based, hierarchical and syntax-augmented statistical MT},
	Year = 2008,
}


@article{zaidan2009z,
	Author = {Zaidan, Omar F.},
	Journal = {The Prague Bulletin of Mathematical Linguistics},
	Pages = {79--88},
	Title = {{Z-MERT: A fully configurable open source tool for minimum error rate training of machine translation systems}},
	Volume = {91},
	Year = {2009},
}


@conference{kumar2004minimum,
	Address = {Boston, Massachusetts, USA},
	Author = {Kumar, Shankar and Byrne, William},
	Booktitle = {Proc. NAACL},
	Month = {May},
	Title = {Minimum bayes-risk decoding for statistical machine translation},
	Year = {2004},
}

@Article{czeng:pbml:2009,
 publicationtype = {article},
 Author = {Ond{\v{r}}ej Bojar and Zden{\v{e}}k {\v{Z}}abokrtsk{\'{y}}},
 title = "{CzEng0.9: Large Parallel Treebank with Rich Annotation}",
 Journal = {Prague Bulletin of Mathematical Linguistics},
 Volume = {92},
 ISSN = {0032-6585},
 Publisher = {Charles University},
 PubAddress = {Prague},
 Year = {2009},
 note = {in print}
}

@inproceedings{petrov2006learning,
	Address = {Sydney, Australia},
	Author = {Petrov, Slav and Barrett, Leon and Thibaux, Romain and Klein, Dan},
	Booktitle = {Proc. ACL},
	Month = {July},
	Title = {Learning Accurate, Compact, and Interpretable Tree Annotation},
	Url = {http://www.aclweb.org/anthology/P/P06/P06-1055},
	Year = 2006,
}
